@online{dockerComposeDeploy,
  author    = {{Docker, Inc.}},
  title     = {Compose Deploy Specification},
  year      = {n.d.},
  url       = {https://docs.docker.com/reference/compose-file/deploy/},
  urldate   = {2025-05-25}
}
